@online{nanolooker,
    author = "Running Coder",
    title = "Nano Looker",
    url  = "https://nanolooker.com/"
}

@online{realsimple,
    author = "Hiranmayi Srinivasan",
    title = "How Cryptocurrency Impacts the Environment-and Some Sustainable Choices to Make Instead",
    url  = "https://www.realsimple.com/work-life/money/money-planning/how-cryptocurrency-uses-energy"
}

@online{orvconsensus,
    author = "Nano",
    title = "Protocol Design - ORV Consensus",
    url  = "https://docs.nano.org/protocol-design/orv-consensus/"
}

@online{cryptovantage,
    author = "Simon Chandler",
    title = "What Are the Top 10 Greenest Cryptocurrencies? You Might Be Surprised",
    url  = "https://www.cryptovantage.com/news/what-are-the-top-10-greenest-cryptocurrencies-you-might-be-surprised"
}

@online{cardanodatastudio,
    author = "Cardano Fans Stake Pool",
    title = "Cardano Blockchain Insights",
    url  = "https://datastudio.google.com/reporting/3136c55b-635e-4f46-8e4b-b8ab54f2d460/page/s0XCC"
}

@online{ouroboros,
    author = "Cardano",
    title = "Ouroboros",
    url  = "https://cardano.org/ouroboros/"
}

@online{algoestimate,
    author = "Cosimo Bassi",
    title = "Sustainable Blockchain: Estimating the Carbon Footprint of Algorand’s Pure Proof-of-Stake",
    url  = "https://www.algorand.com/resources/blog/sustainable-blockchain-calculating-the-carbon-footprint"
}

@online{algoppos,
    author = "Algorand",
    title = "Algorand’s Pure Proof-of-Stake Approach",
    url  = "https://www.algorand.com/technology/pure-proof-of-stake"
}

@online{goodkind,
    author = "Andrew L. Goodkind et al.",
    title="Cryptodamages: Monetary value estimates of the air pollution and human health impacts of cryptocurrency mining",
    url="https://www.sciencedirect.com/science/article/pii/S2214629619302701#tbl0001"}
    
@online{solanaworks,
    author = "Sasha Shilina",
    title="What is Solana, and how does it work?",
    url="https://cointelegraph.com/news/what-is-solana-and-how-does-it-work"}
    
@online{posscale,
    author = "Pool of Stake",
    title="Proof of Stake and Scalability",
    url="https://medium.com/@poolofstake/proof-of-stake-and-scalability-2ecaa8fd5d7c"}
    
@online{co2,
    author="U.S. Energy Information Administration",
    title="Carbon Dioxide Emissions From Energy Consumption by Source",
    url="https://www.eia.gov/totalenergy/data/browser/?tbl=T11.01#/?f=M"}
    
@online{elec_cost,
    author="U.S. Energy Information Administration",
    title="Average Retail Prices of Electricity",
    url="https://www.eia.gov/totalenergy/data/browser/index.php?tbl=T09.08#/?f=M"}
    
@online{elec_gen,
    author="U.S. Energy Information Administration",
    title="Electricity Overview",
    url="https://www.eia.gov/totalenergy/data/browser/index.php?tbl=T07.01#/?f=M"}

@online{clean_energy, 
    author="U.S. Department of Energy",
    title="Revolution Now",
    url="https://www.energy.gov/revolution-now"}
    
@online{scc,
    author="Interagency Working Group on Social Cost of Greenhouse Gases, United States Government",
    title="Technical Support Document:
Technical Update of the Social Cost of Carbon for Regulatory Impact Analysis Under Executive Order 12866",
    url="https://19january2017snapshot.epa.gov/sites/production/files/2016-12/documents/sc_co2_tsd_august_2016.pdf"}
    
@online{hbar, 
    author="Hedera",
    title="HBAR",
    url="https://hedera.com/hbar"}
    
@online{solar, 
    author="U.S. Energy Information Administration",
    title="Solar Electricity Net Generation",
    url="https://www.eia.gov/totalenergy/data/browser/?tbl=T10.06#/?f=M"}
    
@online{solarcoin, 
    author="SolarCoin",
    title="SolarCoin",
    url="https://solarcoin.org/"}
    
@online{solarcoin_price, 
    author="Coinbase",
    title="SolarCoin",
    url="https://www.coinbase.com/price/solarcoin"}
    
    